@book{chess,
  author = {A. S. Fraenkel and D. Lichtenstein},
  year = {1981},
  title = {Computing a perfect strategy for $n \times n$ chess requires time exponential in $n$},
  publisher = {Proc. 8th Int. Coll. Automata, Languages, and Programming, Springer LNCS}
}

@book{othello,
  author = {S. Iwata and T. Kasai},
  year = {1990},
  title = {The Othello game on an $n \times n$ board is PSPACE-complete},
  publisher = {Theor. Comp. Sci.},
  volume = {123},
  pages = {329-340}
}

@book{nonograms,
  author = {Jan N. van Rijn},
  year = {1990},
  title = {The complexity of Klondike, Mahjong, Nonograms and Animal Chess},
  publisher = {Universiteit Leiden Opleiding Informatica},
}

Universiteit Leiden Opleiding Informatica

@book{fifteen,
  author = {D. Ratner and M. Warmuth},
  year = {1994},
  title = {Finding a shortest solution for the $n \times n$-extension of the 15-puzzle is intractable},
  publisher = {J. Symb. Comp.},
  volume = {10},
  pages = {111-137}
}

@article{go,
  title={ Go endgames are hard},
  author={D. Wolfe},
  journal={MSRI Combinatorial Game Theory Research Worksh.},
  year={2000}
}

@book{cryptarithms,
  author = {D. Eppstein},
  year = {1987},
  title = {On the NP-completeness of cryptarithms},
  publisher = {SIGACT News}
}

@article{theory_of_numbers,
    author  = "S.C. Bose and S. Chowla",
    title   = "Theory of Numbers",
    year    = "1959",
    journal = "Report Inst., University of Colorado",
}